@book{odersky07book,
  author = {Martin Odersky and Lex Spoon and Bill Venners},
  title = {{Programming in Scala}},
  year = {2007},
  publisher = {Artima press}
}

@online{akka,
  author={{Lightbend, Inc}},
  title={Akka toolkit},
  note={\url{https://akka.io}, visited 2019-12-17}
}

@article{hewitt77aij,
  author    = {Carl Hewitt},
  title     = {Viewing Control Structures as Patterns of Passing Messages},
  journal   = {Artif. Intell.},
  volume    = {8},
  number    = {3},
  pages     = {323--364},
  year      = {1977}
}

@PhDThesis{clinger81foundations,
title = {Foundations of actor semantics},
author = {Clinger, William Douglas},
school = {Massachusetts Institute of Technology},
year = {1981}
}
